<?xml version="1.0" encoding="UTF-8"?><record xmlns="http://www.loc.gov/MARC21/slim" xmlns:cinclude="http://apache.org/cocoon/include/1.0" xmlns:zs="http://www.loc.gov/zing/srw/">
  <leader>00462cz  a2200121n  4500</leader>
  <controlfield tag="001">n  89664685 </controlfield>
  <controlfield tag="003">DLC</controlfield>
  <controlfield tag="005">19891201124430.3</controlfield>
  <controlfield tag="008">891115n| acannaab|          |n aaa |||  </controlfield>
  <datafield tag="010" ind1=" " ind2=" ">
    <subfield code="a">n  89664685 </subfield>
  </datafield>
  <datafield tag="040" ind1=" " ind2=" ">
    <subfield code="a">DLC</subfield>
    <subfield code="c">DLC</subfield>
    <subfield code="d">DLC</subfield>
  </datafield>
  <datafield tag="100" ind1="1" ind2="0">
    <subfield code="a">Passos, Solange C. E.</subfield>
    <subfield code="q">(Solange Cássia Elias)</subfield>
  </datafield>
  <datafield tag="670" ind1=" " ind2=" ">
    <subfield code="a">Educação física e esportes na universidade, 1988:</subfield>
    <subfield code="b">t.p. (Solange C.E. Passos) p. 8 (Solange de Cássia Elias Passos; Dept. de Educação Física, U. de Brasília)</subfield>
  </datafield>
</record>